@Article{sparskit,
  author    = {Youcef Saad},
  title     = {SPARSKIT: a basic tool kit for sparse matrix computations},
  journal   = {Research Institute for Advanced Computer Science},
  year      = {1990},
}

